@article{goudriaan1984simulation,
  title={A simulation study for the global carbon cycle, including man's impact on the biosphere},
  author={Goudriaan, J and Ketner, P},
  journal={Climatic change},
  volume={6},
  number={2},
  pages={167--192},
  year={1984},
  publisher={Springer}
}

@article{you2018assessing,
  title={Assessing students' disciplinary and interdisciplinary understanding of global carbon cycling},
  author={You, Hye Sun and Marshall, Jill A and Delgado, Cesar},
  journal={Journal of Research in Science Teaching},
  volume={55},
  number={3},
  pages={377--398},
  year={2018},
  publisher={Wiley Online Library}
}

@article{weber2010carbon,
  title={Carbon markets and technological innovation},
  author={Weber, Thomas A and Neuhoff, Karsten},
  journal={Journal of Environmental Economics and Management},
  volume={60},
  number={2},
  pages={115--132},
  year={2010},
  publisher={Elsevier}
}